


% Bibliography entries will be ordered automatically by Latex

@misc{redis,
  author  = {Salvatore Filippello},
  note    = {http://redis.io/}
}

@misc{redis-protocol,
  author  = {Salvatore Filippello},
  note    = {http://redis.io/topics/protocol}
}


@inproceedings{mirage,
  author    = {Anil Madhavapeddy and
                 Richard Mortier and
                 Charalampos Rotsos and
                 David J. Scott and
                 Balraj Singh and
                 Thomas Gazagnaire and
                 Steven Smith and
                 Steven Hand and
                 Jon Crowcroft},
  editor    = {Vivek Sarkar and
                 Rastislav Bod{\'{\i}}k},
  title     = {Unikernels: library operating systems for the cloud},
  booktitle = {Architectural Support for Programming Languages and Operating Systems,
                 {ASPLOS} '13, Houston, TX, {USA} - March 16 - 20, 2013},
  pages     = {461--472},
  publisher = {{ACM}},
  year      = {2013},
  url       = {http://doi.acm.org/10.1145/2451116.2451167},
  doi       = {10.1145/2451116.2451167},
  timestamp = {Fri, 24 Jan 2014 13:32:31 +0100},
  biburl    = {http://dblp.uni-trier.de/rec/bib/conf/asplos/MadhavapeddyMRSSGSHC13},
  bibsource = {dblp computer science bibliography, http://dblp.org}
}


@inproceedings{arrakis,
  author    = {Simon Peter and
               Jialin Li and
               Irene Zhang and
               Dan R. K. Ports and
               Doug Woos and
               Arvind Krishnamurthy and
               Thomas E. Anderson and
               Timothy Roscoe},
  editor    = {Jason Flinn and
               Hank Levy},
  title     = {Arrakis: The Operating System is the Control Plane},
  booktitle = {11th {USENIX} Symposium on Operating Systems Design and Implementation,
               {OSDI} '14, Broomfield, CO, USA, October 6-8, 2014.},
  pages     = {1--16},
  publisher = {{USENIX} Association},
  year      = {2014},
  url       = {https://www.usenix.org/conference/osdi14/technical-sessions/presentation/peter},
  timestamp = {Tue, 18 Nov 2014 17:21:14 +0100},
  biburl    = {http://dblp.uni-trier.de/rec/bib/conf/osdi/PeterLZPWKAR14},
  bibsource = {dblp computer science bibliography, http://dblp.org}
}

